<?xml version="1.0" encoding="UTF-8"?><collection xmlns="http://www.loc.gov/MARC21/slim"><record><leader>00655nam--2200181-i-4500</leader><controlfield tag="001">000020373</controlfield><controlfield tag="002">20161230</controlfield><controlfield tag="005">20161230201033</controlfield><controlfield tag="008">060222s1000------------r-----000-0-eng-d</controlfield><datafield ind1=" " ind2=" " tag="040"><subfield code="a">IFIN-HH</subfield></datafield><datafield ind1=" " ind2=" " tag="080"><subfield code="a">533.932</subfield></datafield><datafield ind1="1" ind2=" " tag="100"><subfield code="a">Ebeling, W. /S.A.</subfield></datafield><datafield ind1="1" ind2="0" tag="245"><subfield code="a">Transport properties of dense plasmas</subfield><subfield code="c">E.Ebeling, V.E. Fortov, Yu.L. Klimontovich, N.P. Kovalenko, W.D. Kraeft, Yu.P. Krasny, D. Kremp, P.P. Kulik, V.A. Riaby, G. Ropke, E.K. Rozanov, S. Schlanges</subfield></datafield><datafield ind1=" " ind2=" " tag="260"><subfield code="a">Berlin, Akademie Verlag, 1983</subfield></datafield><datafield ind1=" " ind2=" " tag="300"><subfield code="a">182 P</subfield></datafield><datafield ind1=" " ind2=" " tag="490"><subfield code="a">Ergebnisse Der Plasmaphysik Und Der Gaselelektronik</subfield><subfield code="v">Band 6</subfield></datafield><datafield ind1=" " ind2=" " tag="852"><subfield code="a">25868</subfield><subfield code="c">533.9</subfield></datafield><datafield ind1=" " ind2=" " tag="CAT"><subfield code="a">Sys</subfield><subfield code="c">20100922</subfield><subfield code="h">143652</subfield></datafield></record></collection>